<?xml version="1.0"?>
<marc:records xmlns:marc="http://www.loc.gov/MARC21/slim" xmlns:xsi="http://www.w3.org/2001/XMLSchema-instance" xsi:schemaLocation="http://www.loc.gov/MARC21/slim http://www.loc.gov/standards/marcxml/schema/MARC21slim.xsd">
  <marc:record>
    <marc:leader>05071cam a2200661Ia 4500</marc:leader>
    <marc:controlfield tag="001">9977646151403681</marc:controlfield>
    <marc:controlfield tag="005">20200211161732.0</marc:controlfield>
    <marc:controlfield tag="008">191218s1737    xx            000 0 ara d</marc:controlfield>
    <marc:datafield ind1=" " ind2=" " tag="035">
  <marc:subfield code="a">(OCoLC)1131863796</marc:subfield>
</marc:datafield>
    <marc:datafield ind1=" " ind2=" " tag="035">
  <marc:subfield code="a">(OCoLC)on1131863796</marc:subfield>
</marc:datafield>
    <marc:datafield ind1=" " ind2=" " tag="040">
  <marc:subfield code="a">PAU</marc:subfield>
  <marc:subfield code="b">eng</marc:subfield>
  <marc:subfield code="c">PAU</marc:subfield>
  <marc:subfield code="e">amremm</marc:subfield>
  <marc:subfield code="d">PAU</marc:subfield>
</marc:datafield>
    <marc:datafield ind1=" " ind2="9" tag="099">
  <marc:subfield code="a">CAJS Rar Ms 286</marc:subfield>
</marc:datafield>
    <marc:datafield ind1="1" ind2=" " tag="100">
  <marc:subfield code="6">880-01</marc:subfield>
  <marc:subfield code="a">Azhari&#x304;, Kha&#x304;lid ibn &#x2BB;Abd Alla&#x304;h,</marc:subfield>
  <marc:subfield code="d">-1499.</marc:subfield>
</marc:datafield>
    <marc:datafield ind1="1" ind2="0" tag="245">
  <marc:subfield code="6">880-02</marc:subfield>
  <marc:subfield code="a">Sharh&#x323; al-Burdah.</marc:subfield>
</marc:datafield>
    <marc:datafield ind1=" " ind2=" " tag="260">
  <marc:subfield code="c">A.H. 1150 (1737)</marc:subfield>
</marc:datafield>
    <marc:datafield ind1=" " ind2=" " tag="300">
  <marc:subfield code="a">iii, 45, i leaves :</marc:subfield>
  <marc:subfield code="b">paper ;</marc:subfield>
  <marc:subfield code="c">167 x 125 (123 x 90) mm bound to 167 x 127 mm.</marc:subfield>
</marc:datafield>
    <marc:datafield ind1=" " ind2=" " tag="500">
  <marc:subfield code="a">Title from added title (first flyleaf recto at front of book).</marc:subfield>
</marc:datafield>
    <marc:datafield ind1=" " ind2=" " tag="500">
  <marc:subfield code="a">Pagination: Modern pagination added in pencil, upper outer corners; catchwords every verso, lower left.</marc:subfield>
</marc:datafield>
    <marc:datafield ind1=" " ind2=" " tag="500">
  <marc:subfield code="a">Layout: Written in 21 long lines.</marc:subfield>
</marc:datafield>
    <marc:datafield ind1=" " ind2=" " tag="500">
  <marc:subfield code="a">Script: Written in naskh in black ink; pointed.</marc:subfield>
</marc:datafield>
    <marc:datafield ind1=" " ind2=" " tag="500">
  <marc:subfield code="a">Decoration: Textblock border-ruled in red; rubrications in red.</marc:subfield>
</marc:datafield>
    <marc:datafield ind1=" " ind2=" " tag="500">
  <marc:subfield code="a">Binding: Bound in black leather with gilded, embossed onlay central diamond-shaped medallion and cornerpieces; blind-tooled frame; bright yellow pastedowns.</marc:subfield>
</marc:datafield>
    <marc:datafield ind1=" " ind2=" " tag="500">
  <marc:subfield code="a">Origin: The copy was completed in Sha&#x2BB;ba&#x304;n 1150 A.H. (1737 CE) (p. 89).</marc:subfield>
</marc:datafield>
    <marc:datafield ind1=" " ind2=" " tag="500">
  <marc:subfield code="a">Owners' notes and stamps (first flyleaf recto at front of book, p. [1], 90). One note has the name scrubbed, but the location is Qust&#x323;antini&#x304;yah with the date 1226 A.H. (1811 of 1812 CE) (p. [1]). Another note without context contains the name &#x2BB;Ali&#x304; &#x2BB;Abd al-H&#x323;ayy Yu&#x304;suf (p. [1]).</marc:subfield>
</marc:datafield>
    <marc:datafield ind1=" " ind2=" " tag="520">
  <marc:subfield code="a">Commentary on the poem known as al-Burdah by al-Bu&#x304;s&#x323;i&#x304;ri&#x304;.</marc:subfield>
</marc:datafield>
    <marc:datafield ind1=" " ind2=" " tag="524">
  <marc:subfield code="a">CAJS Rar Ms 286</marc:subfield>
</marc:datafield>
    <marc:datafield ind1=" " ind2=" " tag="546">
  <marc:subfield code="a">Arabic.</marc:subfield>
</marc:datafield>
    <marc:datafield ind1="1" ind2=" " tag="561">
  <marc:subfield code="a">Formerly owned by al-H&#x323;a&#x304;jj Mus&#x323;t&#x323;afa&#x301; S&#x323;idqi&#x304;, [1]179? A.H. (1765 of 1766 CE) (stamp, p. [1]).</marc:subfield>
</marc:datafield>
    <marc:datafield ind1="1" ind2=" " tag="561">
  <marc:subfield code="a">Formerly owned by al-Sayyid Ah&#x323;mad [...]oghlu&#x304; al-Sayyid H&#x323;usayn Efendi, 1208 A.H. (1793 or 1794 CE) (note in ink, second flyleaf recto at front of book)</marc:subfield>
</marc:datafield>
    <marc:datafield ind1="1" ind2=" " tag="561">
  <marc:subfield code="a">Formerly owned by Muh&#x323;ammad Na&#x304;fi&#x2BB;, 1276? A.H. (1858 or 1859 CE) (note in ink and stamps, p. [1], stamps, third flyleaf recto at front of book).</marc:subfield>
</marc:datafield>
    <marc:datafield ind1="1" ind2=" " tag="561">
  <marc:subfield code="a">Formerly owned by the Dropsie College for Hebrew and Cognate Learning (library bookplate, inside front cover).</marc:subfield>
</marc:datafield>
    <marc:datafield ind1="0" ind2="0" tag="600">
  <marc:subfield code="a">Muh&#x323;ammad,</marc:subfield>
  <marc:subfield code="c">Prophet,</marc:subfield>
  <marc:subfield code="d">-632</marc:subfield>
  <marc:subfield code="v">Poetry.</marc:subfield>
</marc:datafield>
    <marc:datafield ind1="1" ind2="0" tag="600">
  <marc:subfield code="6">880-03</marc:subfield>
  <marc:subfield code="a">Bu&#x304;s&#x323;i&#x304;ri&#x304;, Sharaf al-Di&#x304;n Muh&#x323;ammad ibn Sa&#x2BB;i&#x304;d,</marc:subfield>
  <marc:subfield code="d">1213?-1296?</marc:subfield>
  <marc:subfield code="t">Burdah.</marc:subfield>
</marc:datafield>
    <marc:datafield ind1=" " ind2="0" tag="650">
  <marc:subfield code="a">Islamic poetry, Arabic</marc:subfield>
  <marc:subfield code="x">History.</marc:subfield>
</marc:datafield>
    <marc:datafield ind1=" " ind2="0" tag="655">
  <marc:subfield code="a">Manuscripts, Arabic.</marc:subfield>
</marc:datafield>
    <marc:datafield ind1=" " ind2="0" tag="655">
  <marc:subfield code="a">Manuscripts, 15th century.</marc:subfield>
</marc:datafield>
    <marc:datafield ind1=" " ind2="7" tag="655">
  <marc:subfield code="a">Codices (bound manuscripts)</marc:subfield>
  <marc:subfield code="2">aat</marc:subfield>
</marc:datafield>
    <marc:datafield ind1=" " ind2="7" tag="655">
  <marc:subfield code="a">Commentaries.</marc:subfield>
  <marc:subfield code="2">aat</marc:subfield>
</marc:datafield>
    <marc:datafield ind1=" " ind2="7" tag="655">
  <marc:subfield code="a">Onlays (decorative components)</marc:subfield>
  <marc:subfield code="2">lobt</marc:subfield>
</marc:datafield>
    <marc:datafield ind1=" " ind2="7" tag="655">
  <marc:subfield code="a">Blind tooled (decoration)</marc:subfield>
  <marc:subfield code="2">lobt</marc:subfield>
</marc:datafield>
    <marc:datafield ind1=" " ind2="7" tag="655">
  <marc:subfield code="a">Islamic bindings (Binding)</marc:subfield>
  <marc:subfield code="2">rbbin</marc:subfield>
</marc:datafield>
    <marc:datafield ind1=" " ind2="7" tag="655">
  <marc:subfield code="a">Annotations (Provenance)</marc:subfield>
  <marc:subfield code="2">rbprov</marc:subfield>
</marc:datafield>
    <marc:datafield ind1=" " ind2="7" tag="655">
  <marc:subfield code="a">Stamps (Provenance)</marc:subfield>
  <marc:subfield code="2">rbprov</marc:subfield>
</marc:datafield>
    <marc:datafield ind1="1" ind2="2" tag="700">
  <marc:subfield code="6">880-04</marc:subfield>
  <marc:subfield code="a">Bu&#x304;s&#x323;i&#x304;ri&#x304;, Sharaf al-Di&#x304;n Muh&#x323;ammad ibn Sa&#x2BB;i&#x304;d,</marc:subfield>
  <marc:subfield code="d">1213?-1296?.</marc:subfield>
  <marc:subfield code="t">Burdah.</marc:subfield>
</marc:datafield>
    <marc:datafield ind1="0" ind2=" " tag="700">
  <marc:subfield code="6">880-05</marc:subfield>
  <marc:subfield code="a">Mus&#x323;t&#x323;afa&#x301; S&#x323;idqi&#x304;,</marc:subfield>
  <marc:subfield code="d">active 1765,</marc:subfield>
  <marc:subfield code="e">former owner.</marc:subfield>
</marc:datafield>
    <marc:datafield ind1="0" ind2=" " tag="700">
  <marc:subfield code="6">880-06</marc:subfield>
  <marc:subfield code="a">Muh&#x323;ammad Na&#x304;fi&#x2BB;,</marc:subfield>
  <marc:subfield code="d">active 1858,</marc:subfield>
  <marc:subfield code="e">former owner.</marc:subfield>
</marc:datafield>
    <marc:datafield ind1="2" ind2=" " tag="710">
  <marc:subfield code="a">Dropsie College for Hebrew and Cognate Learning,</marc:subfield>
  <marc:subfield code="e">former owner.</marc:subfield>
</marc:datafield>
    <marc:datafield ind1=" " ind2=" " tag="852">
  <marc:subfield code="b">Library at the Herbert D. Katz Center for Advanced Judaic Studies</marc:subfield>
  <marc:subfield code="a">University of Pennsylvania</marc:subfield>
  <marc:subfield code="e">420 Walnut Street, Philadelphia, Pennsylvania 19106-3703</marc:subfield>
  <marc:subfield code="j">CAJS Rar Ms 286</marc:subfield>
</marc:datafield>
    <marc:datafield ind1="4" ind2="1" tag="856">
  <marc:subfield code="z">Digital facsimile in OPenn</marc:subfield>
  <marc:subfield code="u">http://openn.library.upenn.edu/Data/0002/html/kcajs_rar_ms_286.html</marc:subfield>
</marc:datafield>
    <marc:datafield ind1="1" ind2=" " tag="880">
  <marc:subfield code="6">100-01//r</marc:subfield>
  <marc:subfield code="a">&#x627;&#x632;&#x647;&#x631;&#x64A;&#x60C; &#x62E;&#x627;&#x644;&#x62F; &#x628;&#x646; &#x639;&#x628;&#x62F; &#x627;&#x644;&#x644;&#x647;&#x60C;</marc:subfield>
  <marc:subfield code="d">-1499.</marc:subfield>
</marc:datafield>
    <marc:datafield ind1="1" ind2="0" tag="880">
  <marc:subfield code="6">245-02//r</marc:subfield>
  <marc:subfield code="a">&#x634;&#x631;&#x62D; &#x627;&#x644;&#x628;&#x631;&#x62F;&#x629;.</marc:subfield>
</marc:datafield>
    <marc:datafield ind1="1" ind2="4" tag="880">
  <marc:subfield code="6">600-03//r</marc:subfield>
  <marc:subfield code="a">&#x628;&#x648;&#x635;&#x64A;&#x631;&#x64A;&#x60C; &#x634;&#x631;&#x641; &#x627;&#x644;&#x62F;&#x64A;&#x646; &#x645;&#x62D;&#x645;&#x62F; &#x628;&#x646; &#x633;&#x639;&#x64A;&#x62F;&#x60C;</marc:subfield>
  <marc:subfield code="d">1213-&#x61F;1296&#x61F;</marc:subfield>
  <marc:subfield code="t">&#x628;&#x631;&#x62F;&#x629;.</marc:subfield>
</marc:datafield>
    <marc:datafield ind1="1" ind2="2" tag="880">
  <marc:subfield code="6">700-04//r</marc:subfield>
  <marc:subfield code="a">&#x628;&#x648;&#x635;&#x64A;&#x631;&#x64A;&#x60C; &#x634;&#x631;&#x641; &#x627;&#x644;&#x62F;&#x64A;&#x646; &#x645;&#x62D;&#x645;&#x62F; &#x628;&#x646; &#x633;&#x639;&#x64A;&#x62F;&#x60C; -</marc:subfield>
  <marc:subfield code="d">1213&#x61F;1296&#x61F;</marc:subfield>
  <marc:subfield code="t">&#x628;&#x631;&#x62F;&#x629;.</marc:subfield>
</marc:datafield>
    <marc:datafield ind1="0" ind2=" " tag="880">
  <marc:subfield code="6">700-05//r</marc:subfield>
  <marc:subfield code="a">&#x645;&#x635;&#x637;&#x641;&#x649; &#x635;&#x62F;&#x642;&#x64A;&#x60C;</marc:subfield>
  <marc:subfield code="d">active 1765&#x60C;</marc:subfield>
  <marc:subfield code="e">former owner.</marc:subfield>
</marc:datafield>
    <marc:datafield ind1="0" ind2=" " tag="880">
  <marc:subfield code="6">700-06//r</marc:subfield>
  <marc:subfield code="a">&#x645;&#x62D;&#x645;&#x62F; &#x646;&#x627;&#x641;&#x639;&#x60C;</marc:subfield>
  <marc:subfield code="d">active 1858&#x60C;</marc:subfield>
  <marc:subfield code="e">former owner.</marc:subfield>
</marc:datafield>
    <marc:datafield ind1=" " ind2=" " tag="948">
  <marc:subfield code="h">HELD BY PAU - 1 OTHER HOLDINGS</marc:subfield>
</marc:datafield>
    <marc:datafield ind1=" " ind2=" " tag="994">
  <marc:subfield code="a">Z0</marc:subfield>
  <marc:subfield code="b">PAU</marc:subfield>
</marc:datafield>
    <marc:datafield ind1=" " ind2=" " tag="996">
  <marc:subfield code="a">hinge-right</marc:subfield>
</marc:datafield>
    <marc:holdings>
      <marc:holding>
        <marc:holding_id>22608638950003681</marc:holding_id>
        <marc:call_number>CAJS Rar Ms 286</marc:call_number>
        <marc:library>KatzLib</marc:library>
        <marc:location>cjsrarms</marc:location>
      </marc:holding>
    </marc:holdings>
  </marc:record>
</marc:records>
